<record><leader>00000cas a22000007a 4500</leader><controlfield tag="001">34579110</controlfield><controlfield tag="008">960416d188u189uvauwr ne      0    0eng d</controlfield><datafield ind1=" " ind2=" " tag="010"><subfield code="a">sn 96096583 </subfield></datafield><datafield ind1=" " ind2=" " tag="040"><subfield code="a">NVK</subfield><subfield code="b">eng</subfield><subfield code="c">NVK</subfield><subfield code="d">NVK</subfield><subfield code="d">OCLCQ</subfield><subfield code="d">OCLCF</subfield><subfield code="d">OCLCO</subfield></datafield><datafield ind1="1" ind2=" " tag="029"><subfield code="a">AU@</subfield><subfield code="b">000012446453</subfield></datafield><datafield ind1=" " ind2=" " tag="042"><subfield code="a">msc</subfield></datafield><datafield ind1=" " ind2=" " tag="043"><subfield code="a">n-us-va</subfield></datafield><datafield ind1="0" ind2="0" tag="245"><subfield code="a">Virginian and news.</subfield></datafield><datafield ind1=" " ind2=" " tag="260"><subfield code="a">Strasburg. Va :</subfield><subfield code="b">[s.n.]</subfield></datafield><datafield ind1=" " ind2=" " tag="300"><subfield code="a">v.</subfield></datafield><datafield ind1=" " ind2=" " tag="310"><subfield code="a">Weekly</subfield></datafield><datafield ind1=" " ind2=" " tag="500"><subfield code="a">Editor: John L. Brady, Jr. &lt;1893&gt;.</subfield></datafield><datafield ind1=" " ind2=" " tag="500"><subfield code="a">Published by L.L. Smith &lt;1894&gt;.</subfield></datafield><datafield ind1=" " ind2=" " tag="588"><subfield code="a">Description based on: Vol. 14, no. 1 (Jan. 5, 1893).</subfield></datafield><datafield ind1=" " ind2=" " tag="588"><subfield code="a">Latest issue consulted: Vol. 15, no. 23 (June 8, 1894).</subfield></datafield><datafield ind1=" " ind2="0" tag="651"><subfield code="a">Strasburg (Va.)</subfield><subfield code="v">Newspapers.</subfield></datafield><datafield ind1=" " ind2="7" tag="655"><subfield code="a">Newspapers.</subfield><subfield code="2">fast</subfield><subfield code="0">(OCoLC)fst01423814</subfield></datafield><datafield ind1=" " ind2="7" tag="651"><subfield code="a">Virginia</subfield><subfield code="z">Strasburg.</subfield><subfield code="2">fast</subfield><subfield code="0">(OCoLC)fst01227179</subfield></datafield><datafield ind1=" " ind2=" " tag="752"><subfield code="a">United States</subfield><subfield code="b">Virginia</subfield><subfield code="c">Shenandoah</subfield><subfield code="d">Strasburg.</subfield></datafield><datafield ind1="0" ind2="4" tag="780"><subfield code="t">Virginian (Woodstock, Va.)</subfield><subfield code="w">(DLC)sn 95079306</subfield></datafield><datafield ind1="0" ind2="4" tag="780"><subfield code="t">Strasburg news (Strasburg, Va. : 1882)</subfield><subfield code="w">(DLC)sn 93058828</subfield></datafield><datafield ind1="0" ind2="0" tag="785"><subfield code="t">Strasburg news (Strasburg, Va. : 1891)</subfield><subfield code="w">(DLC)sn 98068307</subfield></datafield></record>